@inproceedings {265065,
author = {Amedeo Sapio and Marco Canini and Chen-Yu Ho and Jacob Nelson and Panos Kalnis and Changhoon Kim and Arvind Krishnamurthy and Masoud Moshref and Dan Ports and Peter Richtarik},
title = {Scaling Distributed Machine Learning with {In-Network} Aggregation},
booktitle = {18th USENIX Symposium on Networked Systems Design and Implementation (NSDI 21)},
year = {2021},
pages = {785--808},
}

@inproceedings{10.5555/3307441.3307467,
author = {Woo, Shinae and Sherry, Justine and Han, Sangjin and Moon, Sue and Ratnasamy, Sylvia and Shenker, Scott},
title = {Elastic scaling of stateful network functions},
year = {2018},
booktitle = {USENIX Conference on Networked Systems Design and Implementation},
pages = {299–312},
numpages = {14},
series = {NSDI'18}
}

@inproceedings{10.1145/2815400.2815423,
author = {Palkar, Shoumik and Lan, Chang and Han, Sangjin and Jang, Keon and Panda, Aurojit and Ratnasamy, Sylvia and Rizzo, Luigi and Shenker, Scott},
title = {{E2:} a framework for {NFV} applications},
year = {2015},
booktitle = {Symposium on Operating Systems Principles},
pages = {121–136},
numpages = {16},
series = {SOSP '15}
}

@inproceedings{10.1145/3098822.3098826,
author = {Sun, Chen and Bi, Jun and Zheng, Zhilong and Yu, Heng and Hu, Hongxin},
title = {NFP: Enabling Network Function Parallelism in NFV},
year = {2017},
booktitle = {Conference of the ACM Special Interest Group on Data Communication},
pages = {43–56},
numpages = {14},
series = {SIGCOMM '17}
}

@inproceedings{10.5555/3154630.3154639,
author = {Kablan, Murad and Alsudais, Azzam and Keller, Eric and Le, Franck},
title = {Stateless network functions: Breaking the tight coupling of state and processing},
year = {2017},
booktitle = {USENIX Conference on Networked Systems Design and Implementation},
pages = {97–112},
numpages = {16},
series = {NSDI'17}
}

% superlinear
@misc{scalability-analyzed,
author={Haas, R},
title = {Scalability, in graphical form, analyzed},
howpublished = {\url{http://rhaas.blogspot.com/2011/09/scalability-in-graphical-form-analyzed.html}},
year = 2011
}

@misc{sdn-analytitcs,
key={sFlow},
title = {SDN analytics and control: Superlinear},
howpublished = {\url{https://blog.sflow.com/2010/09/superlinear.html}},
year = 2010
}

@article{10.5555/1012889.1012894,
author = {Fitzpatrick, Brad},
title = {Distributed caching with memcached},
year = {2004},
volume = {2004},
number = {124},
journal = {Linux J.},
pages = {5}
}

@INPROCEEDINGS{556383,
  author={Gustafson, J.L.},
  booktitle={Distributed Memory Computing Conference}, 
  title={Fixed Time, Tiered Memory, and Superlinear Speedup}, 
  year={1990},
  volume={2},
  number={},
  pages={1255-1260},
}

@ARTICLE{80148,
  author={Helmbold, D.P. and McDowell, C.E.},
  journal={IEEE Transactions on Parallel and Distributed Systems}, 
  title={Modelling speedup (n) greater than n}, 
  year={1990},
  volume={1},
  number={2},
  pages={250-256}}

@INPROCEEDINGS{7733347,
  author={Ristov, Sasko and Prodan, Radu and Gusev, Marjan and Skala, Karolj},
  booktitle={Federated Conference on Computer Science and Information Systems (FedCSIS)}, 
  title={Superlinear speedup in {HPC} systems: Why and when?}, 
  year={2016},
  pages={889-898}
  }

@INPROCEEDINGS{6483679,
  author={Gusev, Marjan and Ristov, Sasko},
  booktitle={IEEE International Conference on Cloud Networking (CLOUDNET)}, 
  title={Superlinear speedup in {Windows Azure} cloud}, 
  year={2012},
  pages={173-175}}

@InProceedings{10.1007/978-3-319-77610-1,
author="Hamann, Heiko",
title="Superlinear Scalability in Parallel Computing and Multi-robot Systems: Shared Resources, Collaboration, and Network Topology",
booktitle="Architecture of Computing Systems (ARCS 2018)",
year="2018",
publisher="Springer",
pages="31--42"}

@conference{icsoft20,
author={Daniel Brahneborg and Wasif Afzal and Adnan Čaušević and Mats Björkman},
title={Superlinear and Bandwidth Friendly Geo-replication for Store-and-forward Systems},
booktitle={Proceedings of the 15th International Conference on Software Technologies (ICSOFT)},
year={2020},
pages={328-338},
publisher={SciTePress},
}

@misc{wikipedia,
author={Wikipedia},
title = {{Speedup}: Super-linear speedup},
howpublished = {\url{https://en.wikipedia.org/wiki/Speedup#Super-linear_speedup}},
}

@misc{dobb-1,
author = {Herb Sutter},
title = {Going Superlinear},
year = {2008},
howpublished = {Dr. Dobb's J.},
note = {\url{https://www.drdobbs.com/cpp/going-superlinear/206100542}},
}

@misc{dobb-2,
author = {Herb Sutter},
title = {Super Linearity and the Bigger Machine},
year = {2008},
howpublished = {Dr. Dobb's J.},
note = {\url{https://www.drdobbs.com/parallel/super-linearity-and-the-bigger-machine/206903306}},
}

@inproceedings{10.1145/3627703.3629574,
author = {Bai, Songyuan and Zheng, Hao and Tian, Chen and Wang, Xiaoliang and Liu, Chang and Jin, Xin and Xiao, Fu and Xiang, Qiao and Dou, Wanchun and Chen, Guihai},
title = {{Unison:} A Parallel-Efficient and User-Transparent Network Simulation Kernel},
year = {2024},
booktitle = {European Conference on Computer Systems},
pages = {115–131},
numpages = {17},
series = {EuroSys}
}

@inproceedings {271208,
author = {Chris Sears},
title = {The Elements of Cache Programming Style},
booktitle = {4th Annual Linux Showcase \& Conference (ALS 2000)},
year = {2000},
publisher = {USENIX Association},
}

@inproceedings{gunther-hotsos,
author = {Neil Gunther},
title = {Superlinear Scalability},
year = {2013},
booktitle = {Symposium and Bootcamp on the Science of Security},
articleno = {1},
numpages = {12},
series = {HotSoS '13}
}

@article{10.1145/2773212.2789974,
author = {Gunther, Neil and Puglia, Paul and Tomasette, Kristofer},
title = {{Hadoop} Superlinear Scalability: The perpetual motion of parallel performance},
year = {2015},
publisher = {Association for Computing Machinery},
volume = {13},
number = {5},
journal = {Queue},
pages = {20–42},
numpages = {23}
}

@article{10.1016/0167-8191(86)90024-4,
author = {Faber, V and Lubeck, O M and White, A B},
title = {Superlinear speedup of an efficient sequential algorithm is not possible},
year = {1986},
volume = {3},
number = {3},
journal = {Parallel Comput.},
pages = {259–260},
numpages = {2}
}

%%%%%%%%%%%%%%

@inproceedings{vanjacobson,
  author = "Van Jacobson and Michael J. Karels",
  title = "Congestion Avoidance and Control",
  booktitle = "SIGCOMM 1988",
  address = "Stanford, CA",
  month = aug,
  year = 1988
}


@article{SleatorT85,
	Author = {Sleator, Daniel D. and Tarjan, Robert E.},
	Date-Added = {2017-08-17 18:47:38 +0000},
	Date-Modified = {2017-08-17 18:47:47 +0000},
	Issue_Date = {Feb. 1985},
	Journal = {Commun. ACM},
	Month = feb,
	Number = {2},
	Pages = {202--208},
	Title = {Amortized Efficiency of List Update and Paging Rules},
	Volume = {28},
	Year = {1985}
}

@inproceedings{park2012self,
  title={A self-adjusting data structure for multidimensional point sets},
  author={Park, Eunhui and Mount, David M},
  booktitle={European Symposium on Algorithms},
  pages={778--789},
  year={2012},
  organization={Springer}
}

@article{sleator1986self,
  title={Self-adjusting heaps},
  author={Sleator, Daniel Dominic and Tarjan, Robert Endre},
  journal={SIAM Journal on Computing},
  volume={15},
  number={1},
  pages={52--69},
  year={1986},
  publisher={SIAM}
}

@INPROCEEDINGS{ccr18san,
  author = {Chen Avin and Stefan Schmid},
  title = {Toward Demand-Aware Networking:
A Theory for Self-Adjusting Networks},
  booktitle = {ACM SIGCOMM Computer Communication Review (CCR)},
  year = {2018},
}


@book{Borodin98,
    author = {Borodin, Allan and El-Yaniv, Ran},
    title = {Online Computation and Competitive Analysis},
    year = {1998},
    isbn = {0521563925},
    publisher = {Cambridge University Press},
    address = {USA}
}

@article{BachrachER02,
  author    = {Ran Bachrach and
               Ran El{-}Yaniv and
               M. Reinstadtler},
  title     = {On the Competitive Theory and Practice of Online List Accessing Algorithms},
  journal   = {Algorithmica},
  volume    = {32},
  number    = {2},
  pages     = {201--245},
  year      = {2002}
}
	

@article{AlbersL16,
  author    = {Susanne Albers and
               Sonja Lauer},
  title     = {On list update with locality of reference},
  journal   = {J. Comput. Syst. Sci.},
  volume    = {82},
  number    = {5},
  pages     = {627--653},
  year      = {2016}
}
  


@article{Sparsh17,
author = {Mittal, Sparsh},
title = {A Survey of Techniques for Cache Partitioning in Multicore Processors},
year = {2017},
volume = {50},
number = {2},
issn = {0360-0300},
journal = {ACM Comput. Surv.},
articleno = {27},
numpages = {39}
}

  
@article{BentleyCL93,
  author    = {Jon Louis Bentley and
               Kenneth L. Clarkson and
               David B. Levine},
  title     = {Fast Linear Expected-Time Algorithms for Computing Maxima and Convex
               Hulls},
  journal   = {Algorithmica},
  volume    = {9},
  number    = {2},
  pages     = {168--183},
  year      = {1993}
}
  
@article{HesterH85,
  author    = {James H. Hester and
               Daniel S. Hirschberg},
  title     = {Self-Organizing Linear Search},
  journal   = {{ACM} Comput. Surv.},
  volume    = {17},
  number    = {3},
  pages     = {295--311},
  year      = {1985}
}

@article{BentleySTW86,
  author    = {Jon Louis Bentley and
               Daniel Dominic Sleator and
               Robert Endre Tarjan and
               Victor K. Wei},
  title     = {A Locally Adaptive Data Compression Scheme},
  journal   = {Commun. {ACM}},
  volume    = {29},
  number    = {4},
  pages     = {320--330},
  year      = {1986}
}
  


@article{Borodin1992,
	author = {Allan Borodin and Nathan Linial and Michael E. Saks},
	journal = {Journal of the ACM},
	number = {4},
	pages = {745--763},
	title = {An Optimal On-Line Algorithm for Metrical Task System},
	volume = {39},
	year = {1992}
}
  
  @article{PacutVAPRS2022,
  author    = {Maciej Pacut and
               Juan Vanerio and
               Vamsi Addanki and
               Arash Pourdamghani and
               G{\'{a}}bor R{\'{e}}tv{\'{a}}ri and
               Stefan Schmid},
  title     = {Self-Adjusting Packet Classification},
  journal   = {CoRR},
  volume    = {abs/2109.15090},
  year      = {2021},
  url       = {https://arxiv.org/abs/2109.15090},
  eprinttype = {arXiv},
  eprint    = {2109.15090},
  timestamp = {Mon, 04 Oct 2021 17:22:25 +0200},
  biburl    = {https://dblp.org/rec/journals/corr/abs-2109-15090.bib},
  bibsource = {dblp computer science bibliography, https://dblp.org}
}
  


 @inproceedings{BienkowskiMPSS17,
  author    = {Marcin Bienkowski and
               Jan Marcinkowski and
               Maciej Pacut and
               Stefan Schmid and
               Aleksandra Spyra},
  title     = {Online Tree Caching},
  booktitle = {ACM Symposium on Parallelism in Algorithms and Architectures},
  series    = {SPAA 2017},
  pages     = {329--338},
  year      = {2017}
} 

@article{SleatorT85Splay,
  author    = {Daniel Dominic Sleator and
               Robert Endre Tarjan},
  title     = {Self-Adjusting Binary Search Trees},
  journal   = {J. {ACM}},
  volume    = {32},
  number    = {3},
  pages     = {652--686},
  year      = {1985}
}

@article{demaine2007dyynamic,
  author    = {Erik D. Demaine and
               Dion Harmon and
               John Iacono and
               Mihai Patrascu},
  title     = {Dynamic Optimality -- Almost},
  journal   = {{SIAM} J. Comput.},
  volume    = {37},
  number    = {1},
  pages     = {240--251},
  year      = {2007}
}
@article{SleatorT86,
  author    = {Daniel Dominic Sleator and
               Robert Endre Tarjan},
  title     = {Self-Adjusting Heaps},
  journal   = {{SIAM} J. Comput.},
  volume    = {15},
  number    = {1},
  pages     = {52--69},
  year      = {1986}
}

@inproceedings{ParkM12,
  author    = {Eunhui Park and
               David M. Mount},
  title     = {A Self-adjusting Data Structure for Multidimensional Point Sets},
  booktitle = {Algorithms - {ESA} Annual European Symposium},
  volume    = {7501},
  pages     = {778--789},
  year      = {2012}
}
  

@misc{Redis,
title = {{Redis partitioning schemes.}},
howpublished = {\url{https://redis.io/topics/partitioning}},
year = 2022
}

@inproceedings{OlverPSSS18,
  author    = {Neil Olver and
               Kirk Pruhs and
               Kevin Schewior and
               Ren{\'{e}} Sitters and
               Leen Stougie},
  title     = {The Itinerant List Update Problem},
  booktitle = {Approximation and Online Algorithms - International Workshop,
               {WAOA}},
  volume    = {11312},
  pages     = {310--326},
  year      = {2018}
}

@inproceedings{FotakisKKSV20,
  author    = {Dimitris Fotakis and
               Loukas Kavouras and
               Grigorios Koumoutsos and
               Stratis Skoulakis and
               Manolis Vardas},
  title     = {The Online Min-Sum Set Cover Problem},
  booktitle = {47th International Colloquium on Automata, Languages, and Programming,
               {ICALP}},
  volume    = {168},
  pages     = {51:1--51:16},
  year      = {2020}
}
  
@inproceedings{BoseDL08,
  author    = {Prosenjit Bose and
               Karim Dou{\"{\i}}eb and
               Stefan Langerman},
  title     = {Dynamic optimality for skip lists and B-trees},
  booktitle = {{ACM-SIAM} Symposium on Discrete Algorithms},
  series    = {SODA},
  pages     = {1106--1114},
  year      = {2008}
}

@inproceedings{Avin0020,
  author    = {Chen Avin and
               Kaushik Mondal and
               Stefan Schmid},
  title     = {Dynamically Optimal Self-adjusting Single-Source Tree Networks},
  booktitle = {{LATIN} 2020: Theoretical Informatics - Latin American Symposium},
  series    = {Lecture Notes in Computer Science},
  volume    = {12118},
  pages     = {143--154},
  year      = {2020}
}
  
@article{AlbersFG05,
  author    = {Susanne Albers and
               Lene M. Favrholdt and
               Oliver Giel},
  title     = {On paging with locality of reference},
  journal   = {J. Comput. Syst. Sci.},
  volume    = {70},
  number    = {2},
  pages     = {145--175},
  year      = {2005}
}

@article{AlbersF18,
  author    = {Susanne Albers and
               Dario Frascaria},
  title     = {Quantifying Competitiveness in Paging with Locality of Reference},
  journal   = {Algorithmica},
  volume    = {80},
  number    = {12},
  pages     = {3563--3596},
  year      = {2018}
}
@article{BoyarEL18,
  author    = {Joan Boyar and
               Faith Ellen and
               Kim S. Larsen},
  title     = {The Scheduler is Very Powerful in Competitive Analysis of Distributed
               List Accessing},
  journal   = {CoRR},
  volume    = {abs/1807.06820},
  year      = {2018},
  url       = {http://arxiv.org/abs/1807.06820},
  eprinttype = {arXiv},
  eprint    = {1807.06820},
  timestamp = {Mon, 13 Aug 2018 16:46:09 +0200},
  biburl    = {https://dblp.org/rec/journals/corr/abs-1807-06820.bib},
  bibsource = {dblp computer science bibliography, https://dblp.org}
}
@article{AfekKKMT14,
  author    = {Yehuda Afek and
               Haim Kaplan and
               Boris Korenfeld and
               Adam Morrison and
               Robert Endre Tarjan},
  title     = {The {CB} tree: a practical concurrent self-adjusting search tree},
  journal   = {Distributed Comput.},
  volume    = {27},
  number    = {6},
  pages     = {393--417},
  year      = {2014}
}
@inproceedings{AksenovADM20,
  author    = {Vitaly Aksenov and
               Dan Alistarh and
               Alexandra Drozdova and
               Amirkeivan Mohtashami},
  title     = {The Splay-List: {A} Distribution-Adaptive Concurrent Skip-List},
  booktitle = {34th International Symposium on Distributed Computing, {DISC} 2020,
               October 12-16, 2020, Virtual Conference},
  volume    = {179},
  pages     = {3:1--3:18},
  year      = {2020}
}

@article{Gonnet81,
  author    = {Gaston H. Gonnet},
  title     = {Expected Length of the Longest Probe Sequence in Hash Code Searching},
  journal   = {J. {ACM}},
  volume    = {28},
  number    = {2},
  pages     = {289--304},
  year      = {1981}
}

@article{DubhashiR98,
  author    = {Devdatt P. Dubhashi and
               Desh Ranjan},
  title     = {Balls and bins: {A} study in negative dependence},
  journal   = {Random Struct. Algorithms},
  volume    = {13},
  number    = {2},
  pages     = {99--124},
  year      = {1998}
}

@article{LenzenW16,
  author    = {Christoph Lenzen and
               Roger Wattenhofer},
  title     = {Tight bounds for parallel randomized load balancing},
  journal   = {Distributed Comput.},
  volume    = {29},
  number    = {2},
  pages     = {127--142},
  year      = {2016}
}

@article{AlbersH17,
  author    = {Susanne Albers and
               Matthias Hellwig},
  title     = {Online Makespan Minimization with Parallel Schedules},
  journal   = {Algorithmica},
  volume    = {78},
  number    = {2},
  pages     = {492--520},
  year      = {2017}
}

@inproceedings{10.1145/1465482.1465560,
author = {Amdahl, Gene M.},
title = {Validity of the Single Processor Approach to Achieving Large Scale Computing Capabilities},
year = {1967},
publisher = {Association for Computing Machinery},
doi = {10.1145/1465482.1465560},
booktitle = {Spring Joint Computer Conference},
pages = {483–485},
numpages = {3},
series = {AFIPS '67 (Spring)}
}

@article{10.5555/775339.775386,
author = {Krishnaprasad, S.},
title = {Uses and Abuses of {Amdahl's Law}},
year = {2001},
publisher = {Consortium for Computing Sciences in Colleges},
volume = {17},
number = {2},
journal = {J. Comput. Sci. Coll.},
month = {dec},
pages = {288–293},
numpages = {6}
}

@ARTICLE{6689270,  author={Amdahl, Gene M.},  journal={Computer},   title={Computer Architecture and Amdahl's Law},   year={2013},  volume={46},  number={12},  pages={38-46},  doi={10.1109/MC.2013.418}}

@book{10.5555/1999263,
author = {Hennessy, John L. and Patterson, David A.},
title = {Computer Architecture: A Quantitative Approach},
year = {2011},
publisher = {Morgan Kaufmann Publishers Inc.},
edition = {5th},
}

@article{10.1145/42411.42415,
author = {Gustafson, John L.},
title = {Reevaluating {Amdahl's Law}},
year = {1988},
publisher = {Association for Computing Machinery},
volume = {31},
number = {5},
doi = {10.1145/42411.42415},
journal = {Commun. ACM},
month = {may},
pages = {532–533},
numpages = {2}
}

@incollection{REDDY2011291,
title = {API Design for C++},
publisher = {Morgan Kaufmann},
pages = {291-327},
year = {2011},
doi = {https://doi.org/10.1016/B978-0-12-385003-4.00010-5},
author = {Martin Reddy}
}

@INPROCEEDINGS{6280307,
author={Marowka, Ami},
booktitle={2012 IEEE 10th International Symposium on Parallel and Distributed Processing with Applications},
title={Extending {Amdahl's Law} for Heterogeneous Computing},
year={2012},
volume={},
number={},
pages={309-316},
doi={10.1109/ISPA.2012.47}}

@ARTICLE{4407677,
author={Cho, Sangyeun and Melhem, Rami},
journal={IEEE Computer Architecture Letters},
title={Corollaries to {Amdahl's Law} for Energy},
year={2008},
volume={7},
number={1},
pages={25-28},
doi={10.1109/L-CA.2007.18}}

@ARTICLE{4563876,
author={Hill, Mark D. and Marty, Michael R.},
journal={Computer},
title={{Amdahl's Law} in the Multicore Era},
year={2008},
volume={41},
number={7},
pages={33-38},
doi={10.1109/MC.2008.209}}


@book{10.5555/1951599,
author = {Gunther, Neil J.},
title = {{Guerrilla Capacity Planning}: A Tactical Approach to Planning for Highly Scalable Applications and Services},
year = {2010},
publisher = {Springer Publishing Company, Incorporated},
edition = {1st},
}

@ARTICLE{1580395,  author={Bell, G. and Gray, J. and Szalay, A.},  journal={Computer},   title={Petascale computational systems},   year={2006},  volume={39},  number={1},  pages={110-112},  doi={10.1109/MC.2006.29}}

@ARTICLE{406581,  author={Onyuksel, I. and Hosseini, S.H.},  journal={IEEE Transactions on Reliability},   title={{Amdahl's law:} A generalization under processor failures},   year={1995},  volume={44},  number={3},  pages={455-462},  doi={10.1109/24.406581}}

@ARTICLE{6163449,  author={Cameron, Kirk W. and Ge, Rong},  journal={Computer},   title={Generalizing {Amdahl's Law} for Power and Energy},   year={2012},  volume={45},  number={3},  pages={75-77},  doi={10.1109/MC.2012.92}}

@book{10.5555/3235491,
author = {Burns, Brendan},
title = {Designing Distributed Systems: Patterns and Paradigms for Scalable, Reliable Services},
year = {2018},
publisher = {O'Reilly Media, Inc.},
edition = {1st},
}

@inproceedings{10.1145/3452296.3472914,
author = {Tu, William and Wei, Yi-Hung and Antichi, Gianni and Pfaff, Ben},
title = {Revisiting the {Open VSwitch Dataplane} Ten Years Later},
year = {2021},
doi = {10.1145/3452296.3472914},
booktitle = {Conference of the ACM Special Interest Group on Data Communication},
pages = {245–257},
numpages = {13},
series = {SIGCOMM '21}
}

@inproceedings {211263,
author = {Georgios P. Katsikas and Tom Barbette and Dejan Kosti{\'c} and Rebecca Steinert and Gerald Q. Maguire Jr.},
title = {Metron: {NFV} Service Chains at the True Speed of the Underlying Hardware},
booktitle = {15th USENIX Symposium on Networked Systems Design and Implementation (NSDI 18)},
year = {2018},
pages = {171--186},
month = apr,
}

@inproceedings{10.1145/3359989.3365412,
author = {Barbette, Tom and Katsikas, Georgios P. and Maguire, Gerald Q. and Kosti\'{c}, Dejan},
title = {{RSS++:} Load and State-Aware Receive Side Scaling},
year = {2019},
booktitle = {International Conference on Emerging Networking Experiments And Technologies},
pages = {318–333},
numpages = {16},
series = {ACM CoNEXT '19}
}

@ARTICLE{9552525,
author={Barbette, Tom and Wu, Erfan and Kostić, Dejan and Maguire, Gerald Q. and Papadimitratos, Panagiotis and Chiesa, Marco},
journal={IEEE/ACM Transactions on Networking},
title={{Cheetah:} A High-Speed Programmable Load-Balancer Framework With Guaranteed Per-Connection-Consistency},
year={2022},
volume={30},
number={1},
pages={354-367},
doi={10.1109/TNET.2021.3113370}}

@inproceedings{211279,
author = {Vladimir Olteanu and Alexandru Agache and Andrei Voinescu and Costin Raiciu},
title = {Stateless Datacenter Load-balancing with {Beamer}},
booktitle = {15th USENIX Symposium on Networked Systems Design and Implementation (NSDI 18)},
year = {2018},
pages = {125--139},
}

@inproceedings {194966,
author = {Daniel E. Eisenbud and Cheng Yi and Carlo Contavalli and Cody Smith and Roman Kononov and Eric Mann-Hielscher and Ardas Cilingiroglu and Bin Cheyney and Wentao Shang and Jinnah Dylan Hosein},
title = {{Maglev:} A Fast and Reliable Software Network Load Balancer},
booktitle = {13th USENIX Symposium on Networked Systems Design and Implementation (NSDI 16)},
year = {2016},
pages = {523--535},
month = mar,
}

@inproceedings{ghigoff2021bmc,
  title={{BMC:} Accelerating Memcached using Safe In-kernel Caching and Pre-stack Processing},
  author={Ghigoff, Yoann and Sopena, Julien and Lazri, Kahina and Blin, Antoine and Muller, Gilles},
  booktitle={18th USENIX Symposium on Networked Systems Design and Implementation (NSDI 21)},
  pages={487--501},
  year={2021}
}

@inproceedings {179747,
author = {Hyeontaek Lim and Dongsu Han and David G. Andersen and Michael Kaminsky},
title = {{MICA}: A Holistic Approach to Fast {In-Memory} {Key-Value} Storage},
booktitle = {11th USENIX Symposium on Networked Systems Design and Implementation (NSDI 14)},
year = {2014},
pages = {429--444},
month = apr,
}

@inproceedings {180324,
author = {Rajesh Nishtala and Hans Fugal and Steven Grimm and Marc Kwiatkowski and Herman Lee and Harry C. Li and Ryan McElroy and Mike Paleczny and Daniel Peek and Paul Saab and David Stafford and Tony Tung and Venkateshwaran Venkataramani},
title = {Scaling Memcache at {Facebook}},
booktitle = {10th USENIX Symposium on Networked Systems Design and Implementation (NSDI 13)},
year = {2013},
pages = {385--398},
month = apr,
}

@article{rottenstreich2016optimal,
  title={Optimal rule caching and lossy compression for longest prefix matching},
  author={Rottenstreich, Ori and Tapolcai, J{\'a}nos},
  journal={IEEE/ACM Transactions on Networking},
  volume={25},
  number={2},
  pages={864--878},
  year={2016},
  publisher={IEEE}
}

@inproceedings {188960,
author = {Ben Pfaff and Justin Pettit and Teemu Koponen and Ethan Jackson and Andy Zhou and Jarno Rajahalme and Jesse Gross and Alex Wang and Joe Stringer and Pravin Shelar and Keith Amidon and Martin Casado},
title = {The Design and Implementation of {Open vSwitch}},
booktitle = {12th USENIX Symposium on Networked Systems Design and Implementation (NSDI 15)},
year = {2015},
pages = {117--130},
}

@inproceedings{10.1145/1851182.1851208,
author = {Vamanan, Balajee and Voskuilen, Gwendolyn and Vijaykumar, T. N.},
title = {{EffiCuts:} Optimizing Packet Classification for Memory and Throughput},
year = {2010},
booktitle = {Conference of the ACM Special Interest Group on Data Communication},
pages = {207–218},
numpages = {12},
series = {SIGCOMM '10}
}

@inproceedings{10.1145/863955.863980,
author = {Singh, Sumeet and Baboescu, Florin and Varghese, George and Wang, Jia},
title = {Packet Classification Using Multidimensional Cutting},
year = {2003},
booktitle = {Conference on Applications, Technologies, Architectures, and Protocols for Computer Communications},
pages = {213–224},
numpages = {12},
}

@INPROCEEDINGS{8485947,
  author={Li, Wenjun and Li, Xianfeng and Li, Hui and Xie, Gaogang},
  booktitle={IEEE INFOCOM}, 
  title={CutSplit: A Decision-Tree Combining Cutting and Splitting for Scalable Packet Classification}, 
  year={2018},
  pages={2645-2653}}


@inproceedings{10.1145/2619239.2626294,
author = {Kogan, Kirill and Nikolenko, Sergey and Rottenstreich, Ori and Culhane, William and Eugster, Patrick},
title = {{SAX-PAC (Scalable And EXpressive PAcket Classification)}},
year = {2014},
booktitle = {Conference of the ACM Special Interest Group on Data Communication},
pages = {15–26},
numpages = {12},
series = {SIGCOMM '14}
}

@article{gupta2001algorithms,
  title={Algorithms for packet classification},
  author={Gupta, Pankaj and McKeown, Nick},
  journal={IEEE Network},
  volume={15},
  number={2},
  pages={24--32},
  year={2001},
  publisher={IEEE}
}

@inproceedings{10.1145/3359989.3365431,
author = {Csikor, Levente and Divakaran, Dinil Mon and Kang, Min Suk and K\H{o}r\"{o}si, Attila and Sonkoly, Bal\'{a}zs and Haja, D\'{a}vid and Pezaros, Dimitrios P. and Schmid, Stefan and R\'{e}tv\'{a}ri, G\'{a}bor},
title = {{Tuple Space Explosion:} A {Denial-of-Service} Attack against a Software Packet Classifier},
year = {2019},
booktitle = {International Conference on Emerging Networking Experiments And Technologies},
pages = {292–304},
numpages = {13},
series = {CoNEXT '19}
}

@article{10.1006/jagm.1996.0063,
author = {Overmars, Mark H. and van der Stappen, Frank A.},
title = {Range Searching and Point Location among Fat Objects},
year = {1996},
volume = {21},
number = {3},
journal = {J. Algorithms},
pages = {629–656},
numpages = {28}
}

@INPROCEEDINGS{832484,
  author={Fang, W. and Peterson, L.},
  booktitle={IEEE Global Internet}, 
  title={Inter-AS traffic patterns and their implications}, 
  year={1999},
  volume={3},
  number={},
  pages={1859-1868 vol.3}
  }

@inproceedings{manousis-sigcomm20,
  author = {Manousis, Antonis and Sharma, Rahul Anand and Sekar, Vyas and Sherry, Justine},
  title = {Contention-Aware Performance Prediction for Virtualized Network Functions},
  booktitle = {Conference of the ACM Special Interest Group on Data Communication (SIGCOMM)},
  series = {SIGCOMM '20},
  year = {2020},
}

@inproceedings{211291,
author = {Amin Tootoonchian and Aurojit Panda and Chang Lan and Melvin Walls and Katerina Argyraki and Sylvia Ratnasamy and Scott Shenker},
title = {{ResQ}: Enabling {SLOs} in Network Function Virtualization},
booktitle = {15th USENIX Symposium on Networked Systems Design and Implementation (NSDI 18)},
year = {2018},
pages = {283--297},
publisher = {USENIX Association},
}

@article{4237157,
  author={Taylor, David E. and Turner, Jonathan S.},
  journal={IEEE/ACM Transactions on Networking}, 
  title={{ClassBench:} A Packet Classification Benchmark}, 
  year={2007},
  volume={15},
  number={3},
  pages={499-511}}

@inproceedings{10.1109/ANCS.2017.33,
author = {Matou\v{s}ek, Ji\v{r}\'{\i} and Antichi, Gianni and Lu\v{c}ansk\'{y}, Adam and Moore, Andrew W. and Ko\v{r}enek, Jan},
title = {{ClassBench-ng:} Recasting {ClassBench} After a Decade of Network Evolution},
year = {2017},
booktitle = {Symposium on Architectures for Networking and Communications Systems},
pages = {204–216},
numpages = {13},
series = {IEEE/ACM ANCS}
}

@inproceedings{Eppstein2001,
  author    = {David Eppstein and
               Shan Muthukrishnan},
  title     = {Internet packet filter management and rectangle geometry},
  booktitle = {Proc. of the Twelfth Annual Symposium on Discrete Algorithms, {SODA}},
  pages     = {827--835},
  publisher = {{ACM/SIAM}},
  year      = {2001}
}

@inproceedings{Srinivasan1999,
  author    = {Venkatachary Srinivasan and
               Subhash Suri and
               George Varghese},
  title     = {Packet Classification Using Tuple Space Search},
  booktitle = {Proc. of the {ACM} {SIGCOMM}},
  pages     = {135--146},
  publisher = {{ACM}},
  year      = {1999}
}

@misc{openflow,
  author = {{ONF}},
  title = {OpenFlow Reference Release},
  year = {2013},
  publisher = {GitHub},
  journal = {GitHub repository},
  howpublished = {\url{https://github.com/mininet/openflow}},
}

@article{MianoBRBLP19,
  author    = {Sebastiano Miano and
               Matteo Bertrone and
               Fulvio Risso and
               Mauricio V{\'{a}}squez Bernal and
               Yunsong Lu and
               Jianwen Pi},
  title     = {Securing Linux with a faster and scalable iptables},
  journal   = {{ACM} {SIGCOMM} Computer Communication Review, {CCR}},
  volume    = {49},
  number    = {3},
  pages     = {2--17},
  publisher = {{ACM}},
  year      = {2019}
}

@inproceedings {276946,
author = {Hamid Ghasemirahni and Tom Barbette and Georgios P. Katsikas and Alireza Farshin and Amir Roozbeh and Massimo Girondi and Marco Chiesa and Gerald Q. Maguire Jr. and Dejan Kosti{\'c}},
title = {Packet Order Matters! Improving Application Performance by Deliberately Delaying Packets},
booktitle = {USENIX Symposium on Networked Systems Design and Implementation (NSDI)},
year = {2022},
pages = {807--827}
}

@inproceedings {246322,
author = {Tam{\'a}s L{\'e}vai and Felici{\'a}n N{\'e}meth and Barath Raghavan and Gabor Retvari},
title = {{Batchy:} Batch-scheduling Data Flow Graphs with Service-level Objectives },
booktitle = {USENIX Symposium on Networked Systems Design and Implementation (NSDI)},
year = {2020},
pages = {633--649}
}

@article{procieee_2019,
  author = {L. {Linguaglossa} and S. {Lange} and S. {Pontarelli} and G. {R{\'e}tv{\'a}ri} and D. {Rossi} and T. {Zinner} and R. {Bifulco} and M. {Jarschel} and G. {Bianchi}},
  journal = {Proceedings of the IEEE},
  title = {Survey of Performance Acceleration Techniques for {Network Function Virtualization}},
  year = {2019},
  volume = {107},
  number = {4},
  pages = {746-764} 
}

@inproceedings{10.1145/3503222.3507769,
author = {Miano, Sebastiano and Sanaee, Alireza and Risso, Fulvio and R\'{e}tv\'{a}ri, G\'{a}bor and Antichi, Gianni},
title = {Domain specific run time optimization for software data planes},
year = {2022},
booktitle = {ACM International Conference on Architectural Support for Programming Languages and Operating Systems},
pages = {1148–1164},
numpages = {17},
series = {ASPLOS '22}
}

@inproceedings{dovsilovic2018explainable,
  title={Explainable artificial intelligence: A survey},
  author={Do{\v{s}}ilovi{\'c}, Filip Karlo and Br{\v{c}}i{\'c}, Mario and Hlupi{\'c}, Nikica},
  booktitle={International convention on information and communication technology, electronics and microelectronics (MIPRO)},
  pages={210--215},
  year={2018},
  organization={IEEE}
}

@article{jones1988application,
  title={Application of splay trees to data compression},
  author={Jones, Douglas W.},
  journal={Communications of the ACM},
  volume={31},
  number={8},
  pages={996--1007},
  year={1988},
  publisher={ACM New York, NY, USA}
}

@misc{golang-lru,
  key = {golang-lru},
  title = {hashicorp/golang-lru},
  publisher = {GitHub},
  howpublished = {\url{https://pkg.go.dev/github.com/hashicorp/golang-lru/v2}},
}

@misc{golang-btree,
  key = {golang-btree},
  title = {hashicorp/btree},
  publisher = {GitHub},
  howpublished = {\url{https://pkg.go.dev/github.com/google/btree}},
}

@misc{golang-splay,
  key = {golang-collections},
  title = {golang-collections/collections},
  publisher = {GitHub},
  howpublished = {\url{https://pkg.go.dev/github.com/golang-collections/collections#readme-splay-tree}},
}

@misc{rte-acl,
  key = {rte-acl},
  title = {Packet Classification and Access Control},
  publisher = {DPDK Programmer's Guide},
  howpublished = {\url{https://doc.dpdk.org/guides/prog_guide/packet_classif_access_ctrl.html}}}

@INPROCEEDINGS{10228937,
  author={Addanki, Vamsi and Pacut, Maciej and Pourdamghani, Arash and Rétvári, Gabor and Schmid, Stefan and Vanerio, Juan},
  booktitle={IEEE Conference on Computer Communications}, 
  title={Self-Adjusting Partially Ordered Lists}, 
  year={2023},
  volume={},
  number={},
  pages={1-10},
  series={IEEE INFOCOM}}

@misc{rss-linux,
  key = {rss-linux},
  title = {Scaling in the Linux Networking Stack},
  publisher = {Linux kernel documentation},
  howpublished = {\url{https://www.kernel.org/doc/Documentation/networking/scaling.txt}}}

@INPROCEEDINGS{1354643,
  author={Chang, F. and Wu-chang Feng and Kang Li},
  booktitle={IEEE INFOCOM}, 
  title={Approximate caches for packet classification}, 
  year={2004},
  volume={4},
  number={},
  pages={2196-2207}}

@ARTICLE{820051,
  author={Gupta, P. and McKeown, N.},
  journal={IEEE Micro}, 
  title={Classifying packets with hierarchical intelligent cuttings}, 
  year={2000},
  volume={20},
  number={1},
  pages={34-41}}

@inproceedings {295537,
author = {Jason Lei and Vishal Shrivastav},
title = {Seer: Enabling {Future-Aware} Online Caching in Networked Systems},
booktitle = {USENIX Symposium on Networked Systems Design and Implementation (NSDI)},
year = {2024},
pages = {635--649}}

@inproceedings {295603,
author = {Yazhuo Zhang and Juncheng Yang and Yao Yue and Ymir Vigfusson and K.V. Rashmi},
title = {{SIEVE} is Simpler than {LRU}: an Efficient {Turn-Key} Eviction Algorithm for Web Caches},
booktitle = {USENIX Symposium on Networked Systems Design and Implementation (NSDI)},
year = {2024},
pages = {1229--1246}}

@inproceedings {295493,
author = {Haoran Zhang and Konstantinos Kallas and Spyros Pavlatos and Rajeev Alur and Sebastian Angel and Vincent Liu},
title = {{MuCache}: A General Framework for Caching in Microservice Graphs},
booktitle = {USENIX Symposium on Networked Systems Design and Implementation (NSDI)},
year = {2024},
pages = {221--238}}

@article{sherry-ccr23,
  author = {Sherry, Justine},
  title = {The {I/O} Driven Server: From {SmartNICs} to Data Movement Controllers},
  journal = {Computer Communications Review (CCR)},
  volume = {53},
  number = {3},
  year = {2023},
  publisher = {ACM}}

@article{PhysRevE.79.016115,
  title = {Superlinear scaling for innovation in cities},
  author = {Arbesman, Samuel and Kleinberg, Jon M. and Strogatz, Steven H.},
  journal = {Phys. Rev. E},
  volume = {79},
  issue = {1},
  numpages = {5},
  year = {2009},
  publisher = {American Physical Society}}

@ARTICLE{8468219,
  author={Lévai, Tamás and Pongrácz, Gergely and Megyesi, Péter and Vörös, Péter and Laki, Sándor and Németh, Felicián and Rétvári, Gábor},
  journal={IEEE Journal on Selected Areas in Communications},
  title={The Price for Programmability in the Software Data Plane: The Vendor Perspective},
  year={2018},
  volume={36},
  number={12},
  pages={2621-2630}}

@misc{classbench-pcap,
  author = {Miano, Sebastiano},
  title = {sebymiano/pcap-utils},
  publisher = {GitHub},
  howpublished = {\url{https://github.com/sebymiano/pcap-utils}}}

@inproceedings {180587,
author = {Peyman Kazemian and George Varghese and Nick McKeown},
title = {Header Space Analysis: Static Checking for Networks},
booktitle = {Symposium on Networked Systems Design and Implementation},
year = {2012},
pages = {113--126},
series = {USENIX NSDI}}

@inproceedings{10.5555/2537857.2537883,
author = {Jiang, Haiyang and Zhang, Guangxing and Xie, Gaogang and Salamatian, Kav\'{e} and Mathy, Laurent},
title = {Scalable high-performance parallel design for network intrusion detection systems on many-core processors},
year = {2013},
booktitle = {Symposium on Architectures for Networking and Communications Systems},
pages = {137–146},
numpages = {10},
series = {ACM/IEEE ANCS}
}

@misc{nftables,
  key = {nftables},
  title = {The nftables project},
  howpublished = {\url{https://wiki.nftables.org}}}

@inproceedings{moongen-imc2015,
	author = {{Emmerich}, Paul and {Gallenm{\"u}ller}, Sebastian and {Raumer}, Daniel and {Wohlfart}, Florian and {Carle}, Georg},
	title = {{MoonGen: A Scriptable High-Speed Packet Generator}},
	booktitle = {Internet Measurement Conference 2015 (IMC'15)},
	year = 2015,
	month = oct,
	address = {Tokyo, Japan}
}

@inproceedings{Frieze97,
author = {Frieze, A. and Jerrum, M.},
title = {Improved approximation algorithms for {MAX k-CUT} and {MAX BISECTION}},
year = {1997},
booktitle = {Algorithmica 18},
pages = {67-81}
}

@inproceedings{Mahajan95,
author = {Mahajan, S. and Ramesh, J. },
title = {Derandomizing semidefinite programming based approximation algorithms},
year = {1995},
booktitle = {Proc. 36th Ann. IEEE Symp. on Foundations of Comput. Sci. (FOCS)},
pages = {162-169}
}

@inproceedings{Andersson99,
  author       = {Gunnar Andersson},
  title        = {An Approximation Algorithm for Max p-Section},
  booktitle    = {{STACS} 99, 16th Annual Symposium on Theoretical Aspects of Computer
                  Science},
  pages        = {237--247},
  year         = {1999}
}

@article{AndreevR06,
  author       = {Konstantin Andreev and
                  Harald R{\"{a}}cke},
  title        = {Balanced Graph Partitioning},
  journal      = {Theory Comput. Syst.},
  volume       = {39},
  number       = {6},
  pages        = {929--939},
  year         = {2006}
}

@article{AvinBLPS20,
  author       = {Chen Avin and
                  Marcin Bienkowski and
                  Andreas Loukas and
                  Maciej Pacut and
                  Stefan Schmid},
  title        = {Dynamic Balanced Graph Partitioning},
  journal      = {{SIAM} J. Discret. Math.},
  volume       = {34},
  number       = {3},
  pages        = {1791--1812},
  year         = {2020}
}

@article{Bar-NoyL12,
  author       = {Amotz Bar-Noy and Michael Lampis},
  title        = {Online maximum directed cut},
  journal      = {J. Comb. Optim.},
  volume       = {24},
  number       = {1},
  pages        = {52--64},
  year         = {2012}
}

@inproceedings{10.1145/3452296.3472888,
author = {Cai, Qizhe and Chaudhary, Shubham and Vuppalapati, Midhul and Hwang, Jaehyun and Agarwal, Rachit},
title = {Understanding host network stack overheads},
year = {2021},
booktitle = {ACM SIGCOMM},
pages = {65–77},
numpages = {13},
}

@inproceedings {295475,
author = {Joshua Fried and Gohar Irfan Chaudhry and Enrique Saurez and Esha Choukse and Inigo Goiri and Sameh Elnikety and Rodrigo Fonseca and Adam Belay},
title = {Making Kernel Bypass Practical for the Cloud with Junction},
booktitle = {21st USENIX Symposium on Networked Systems Design and Implementation (NSDI 24)},
year = {2024},
pages = {55--73},
publisher = {USENIX Association},
}

@article{10.1109/TC.2005.119,
author = {Alvarez, Carlos and Corbal, Jesus and Valero, Mateo},
title = {Fuzzy Memoization for Floating-Point Multimedia Applications},
year = {2005},
volume = {54},
number = {7},
journal = {IEEE Trans. Comput.},
pages = {922–927},
numpages = {6},
}

@inproceedings{10.1145/155332.155358,
author = {Chandra, Rohit and Gupta, Anoop and Hennessy, John L.},
title = {Data locality and load balancing in {COOL}},
year = {1993},
publisher = {Association for Computing Machinery},
booktitle = {Proceedings of the Fourth ACM SIGPLAN Symposium on Principles and Practice of Parallel Programming},
pages = {249–259},
numpages = {11},
series = {PPOPP '93}
}

@misc{gunther2008generaltheorycomputationalscalability,
      title={A General Theory of Computational Scalability Based on Rational Functions}, 
      author={Neil J. Gunther},
      year={2008},
      eprint={0808.1431},
      archivePrefix={arXiv},
      primaryClass={cs.PF},
      url={https://arxiv.org/abs/0808.1431}, 
}
